@comment{ DHT: PROPOSALS and IMPLEMENTATIONS

          2001 }

@techreport{ zhao-01-tapestry,
  author    = "Ben Y. Zhao and John D. Kubiatowicz and Anthony D. Joseph",
  title     = "Tapestry: An Infrastructure for Fault-tolerant Wide-area Location and Routing",
  month     = "April",
  year      = 2001,
  institution = "University of California at Berkeley",
  address   = "{Berkeley, CA, USA}",
  number    = "UCB/CSD-01-1141"
}

@inproceedings{ rowston-01-storage-past,
  title     = "{PAST: A large-scale, persistent peer-to-peer storage utility}",
  author    = "{Peter Druschel and Antony Rowstron}",
  booktitle = "{Proceedings of the 8th {W}orkshop on {H}ot {T}opics in {O}perating {S}ystems ({HotOS-VIII})}",
  month     = "May",
  year      = 2001,
  location  = "Schloss Elmau, Germany"
}

@inproceedings{ zhuang-01-bayeux,
  author    = "Shelley Q. Zhuang and Ben Y. Zhao and Anthony D. Joseph and Randy H. Katz and John D. Kubiatowicz",
  title     = "Bayeux: an architecture for scalable and fault-tolerant wide-area data dissemination",
  booktitle = "{Proceedings of the 11th ACM International Workshop on Network and Operating Systems Support for Digital Audio and Video (NOSSDAV '01)}",
  month     = "June",
  year      = 2001,
  location  = "{New York, NY, USA}"
}

@inproceedings{ stoica-01-chord,
  author    = "I. Stoica and R. Morris and D. Karger and M. Kaashoek and H. Balakrishnan",
  title     = "Chord: A scalable peer-to-peer lookup protocol for internet applications",
  booktitle = "{Proceedings of ACM conference on applications, technologies, architectures, and protocols for computer communications (SIGCOMM '01)}",
  month     = "August",
  year      = 2001,
  location  = "{San Diego, CA, USA}"
}

@inproceedings{ ratnasamy-01-CAN,
  author =    "Sylvia Ratnasamy and Paul Francis and Mark Handley and Richard Karp",
  title =     "A Scalable Content-Addressable Network",
  booktitle = "{Proceedings of ACM conference on applications, technologies, architectures, and protocols for computer communications (SIGCOMM '01)}",
  month =     "August",
  year =      2001,
  location =  "{San Diego, CA, USA}",
  url =       "http://citeseer.ist.psu.edu/ratnasamy01scalable.html"
}

@inproceedings{ druschel-01-past,
  author    = "{Antony Rowstron and Peter Druschel}",
  title     = "{Storage management and caching in {PAST}, a large-scale, persistent peer-to-peer storage utility}",
  booktitle = "{Proceedings of the 18th {ACM} Symposium on Operating System Principles (SOSP '01)}",
  month     = "October",
  year      = 2001,
  location  = "{Chateau Lake Louise, Banff, Canada}"
}

@comment{ 2002 }

@inproceedings{ zhao-02-brocade,
  author    = "Ben Y. Zhao and Yitao Duan and Ling Huang and Anthony D. Joseph and John D. Kubiatowicz",
  title     = "{Brocade: Landmark Routing on Overlay Networks}",
  booktitle = "{Proceedings of the 1st International Workshop on Peer-to-Peer Systems (IPTPS '02)}",
  month     = "March",
  year      = 2002,
  location  = "{Cambridge, MA, USA}"
}

@inproceedings{ maymounkov-02-kademlia,
  author    = "P. Maymounkov and D. Mazieres",
  title     = "Kademlia: A peer-to-peer information system based on the XOR metric",
  booktitle = "{Proceedings of the 1st International Workshop on Peer-to-Peer Systems (IPTPS '02)}",
  month     = "March",
  year      = 2002,
  location  = "{Cambridge, MA, USA}",
  url       = "http://citeseer.ist.psu.edu/article/maymounkov02kademlia.html"
}

@inproceedings{ hazel-02-achord,
  author = "S. Hazel and B. Wiley",
  title = "Achord: A variant of the Chord lookup service for use in censorship resistant peer-to-peerpublishing systems",
  booktitle = "{Proceedings of the 1st International Workshop on Peer-to-Peer Systems (IPTPS '02)}",
  month     = "March",
  year      = 2002,
  location  = "{Cambridge, MA, USA}",
  url       = "http://citeseer.ist.psu.edu/hazel02achord.html"
}

@inproceedings{ malkhi-02-viceroy,
  author = "Dahlia Malkhi and Moni Naor and David Ratajczak",
  title = "Viceroy: A Scalable and Dynamic Emulation of the Butterfly",
  booktitle= "Proceedings of the 21st ACM Symposium on Principles of Distributed Computing (PODC '02)",
  month = "July",
  year = 2002,
  location = "{Monterey, CA, USA}",
  url = "citeseer.ist.psu.edu/malkhi02viceroy.html"
}

@inproceedings{ waldvogel-02-efficient,
  Author =    "Marcel Waldvogel and Roberto Rinaldi",
  Title =     "{Efficient Topology-Aware Overlay Network}",
  BookTitle = {Proceedings of HotNets-I},
  Month =     "October",
  Year =      2002,
  URL =       "http://citeseer.ist.psu.edu/waldvogel02efficient.html",
}

@comment{ 2003 }

@article{ zhao-03-tapestry-jsac,
  author =    "Ben Y. Zhao and Ling Huang and Jeremy Stribling and Sean C. Rhea and Anthony D Joseph and John D. Kubiatowicz",
  title =     "{Tapestry: A Global-scale Overlay for Rapid Service Deployment}",
  journal =   "{IEEE Journal on Selected Areas in Communications, vol. 22, no. 1}",
  month =     "January",
  year =      2003,
  note =      "{Special Issue on Service Overlay Networks, to appear.}",
  url =       "http://citeseer.ist.psu.edu/zhao03tapestry.html"
}

@inproceedings{ naor-03-simple,
  author    = "Moni Naor and Udi Wieder",
  title     = "A simple fault tolerant distributed hash table",
  booktitle = "{Proceedings of the 2nd International Workshop on Peer-to-Peer Systems (IPTPS '03)}",
  month     = "February",
  year      = 2003,
  location  = "{Berkeley, CA, USA}",
  url       = "http://citeseer.ist.psu.edu/naor03simple.html"
}

@inproceedings{ kaashoek-03-koorde,
  author =    "Frans Kaashoek and David R. Karger",
  title =     "Koorde: A simple degree-optimal distributed hash table",
  booktitle = "{Proceedings of the 2nd International Workshop on Peer-to-Peer Systems (IPTPS '03)}",
  month =     "February",
  year =      2003,
  location  = "{Berkeley, CA, USA}",
  url =       "http://citeseer.ist.psu.edu/kaashoek03koorde.html"
}

@inproceedings{ manku-03-symphony,
  author =    "G. Manku and M. Bawa and P. Raghavan",
  title =     "Symphony: Distributed hashing in a small world",
  booktitle = "{Proceedings of the 4th USENIX Symposium on Internet Technologies and Systems (USITS '03)}.",
  month =     "March",
  year =      2003,
  location =  "Seattle, WA, USA",
  url =       "http://citeseer.ist.psu.edu/manku03symphony.html"
}

@comment{ 2004 }

@comment{ 2005 }

@inproceedings{ rhea-05-opendht,
  title = "{OpenDHT: A Public DHT Service and Its Uses}",
  author = "Sean Rhea and Brighten Godfrey and Brad Karp and John Kubiatowicz and Sylvia Ratnasamy and Scott Schenker and Ion Stoica and Harlan Yu",
  booktitle = "{Proceedings of the ACM SIGCOMM Annual Conference (SIGCOMM '05)}",
  month = "August",
  year = 2005,
  location = "{Philadelphia, PA, USA}",
  note = "To be published",
}




@comment{ DHT: THEORY and COMPARISONS

          2002 }

@inproceedings{ sit-02-security,
  author    = "Emil Sit and Robert Morris",
  title     = "Security Considerations for Peer-to-Peer Distributed Hash Tables",
  booktitle = "{Proceedings of the 1st International Workshop on Peer-to-Peer Systems (IPTPS '02)}",
  month     = "March",
  year      = 2002,
  location  = "Cambridge, MA, USA",
  url       = "http://citeseer.ist.psu.edu/sit02security.html"
}

@inproceedings{ liben-nowell-02-observations,
  author    = "David Liben-Nowell and Hari Balakrishnan and David Karger",
  title     = "Observations on the Dynamic Evolution of Peer-to-Peer Networks",
  booktitle = "{Proceedings of the 1st International Workshop on Peer-to-Peer Systems (IPTPS '02)}",
  month     = "March",
  year      = 2002,
  location  = "Cambridge, MA, USA"
}

@inproceedings{ zhao-02-locality-aware,
  author    = "Ben Y. Zhao, Anthony D. Joseph and John D. Kubiatowicz",
  title     = "Locality-aware Mechanisms for Large-scale Networks",
  booktitle = "{Workshop on Future Directions in Distributed Computing (FuDiCo)}",
  month     = "June",
  year      = 2002,
  location  = "Bertinoro, Italy"
}

@techreport{ rinaldi-02-routing,
  Author =    "Roberto Rinaldi and Marcel Waldvogel",
  Title =     "Routing and Data Location in Overlay Peer-to-Peer Networks",
  Institution = "IBM Research",
  Type =      "Research Report",
  Number =    "RZ-3433",
  Month =     "July",
  Year =      2002,
  Address =   "Zurich, Switzerland",
  url = "http://citeseer.ist.psu.edu/rinaldi02routing.html"
}

@inproceedings{ castro-02-service-discovery,
  Author    = "Miguel Castro and Peter Druschel and Anne-Marie Kermarrec and Antony Rowstron",
  Title     = "{One Ring to Rule Them All: Service Discovery and Binding in Structured Peer-to-Peer Overlay Networks}",
  Booktitle = "Proceedings of the 10th ACM SIGOPS European Workshop (EW '02)",
  Month     = "September",
  Year      = 2002,
  location  = "Saint-Emilion, France"
}


@inproceedings{ ratnasamy-02-topologically-aware,
  author = "S. Ratnasamy and M. Handley and R. Karp and S. Shenker",
  title = "Topologically-aware overlay construction and server selection",
  booktitle = "Proceedings of IEEE INFOCOM '02",
  month = 6,
  year = "2002",
  url = "citeseer.ist.psu.edu/ratnasamy02topologicallyaware.html" }


@inproceedings{ castro-02-secure-routing,
  author    = "Miguel Castro and Peter Druschel and Ayalvadi Ganesh and Antony Rowstron and Dan S. Wallach",
  title     = "{Secure routing for structured peer-to-peer overlay networks}",
  booktitle = "{Proceedings of the 5th USENIX Symposium on Operating Systems Design and Implementation (OSDI '02)}",
  month     = "December",
  year      = 2002,
  location  = "Boston, MA, USA"
}

@TechReport{ jones-02-complexity-CAN,
  author      = "Michael B. Jones and Marvin Theimer and Helen Wang and Alec Wolman",
  title       = "Unexpected Complexity: Experiences Tuning and Extending CAN",
  institution = "Microsoft Research",
  year        = 2002,
  month       = "December",
  number      = "MSR-TR-2002-118",
  address     = "{Redmond, WA, USA}",
}


@comment{ 2003 }

@article{ balakrishnan-03-looking,
  author    = "Hari Balakrishnan and M. Frans Kaashoek and David Karger and Robert Morris and Ion Stoica",
  title     = "{Looking up Data in P2P Systems}",
  journal   = "{Communications of the ACM, Vol 46, No. 2}",
  month     = "February",
  year      = 2003,
  url       = "http://citeseer.ist.psu.edu/balakrishnan03looking.html"
}

@inproceedings{ mahajan-03-reliability-cost,
  author    = "Ratul Mahajan Miguel",
  title     = "{Controlling the Cost of Reliability in Peer-to-Peer Overlays}",
  booktitle = "{Proceedings of the 2nd International Workshop on Peer-to-Peer Systems (IPTPS '03)}",
  month     = "February",
  year      = 2003,
  location  = "{Berkeley, CA, USA}",
  url       = "http://citeseer.ist.psu.edu/mahajan03controlling.html"
}

@inproceedings{ gupta-03-onehop,
  author    = "Anjali Gupta and Barbara Liskov and Rodrigo Rodrigues",
  title     = "{One Hop Lookups for Peer-to-Peer Overlays}",
  booktitle = "{Proceedings of the 9th Workshop on Hot Topics in Operating Systems (HotOS-IX)}",
  month     = "May",
  year      = 2003,
  location  = "{Lihue, Hawaii}"
}

@inproceedings{ blake-03-picktwo,
  author    = "{Charles Blake and Rodrigo Rodrigues}",
  title     = "{High Availability, Scalable Storage, Dynamic Peer Networks: Pick Two}",
  booktitle = "{Proceedings of the 9th Workshop on Hot Topics in Operating Systems (HotOS-IX)}",
  month     = "May",
  year      = 2003,
  location  = "{Lihue, Hawaii}"
}

@inproceedings{ gummadi-03-impact-geometry,
  author =    "K. Gummadi and R. Gummadi and S. Gribble and S. Ratnasamy and S. Shenker and I. Stoika",
  title =     "The impact of {DHT} routing geometry on resilience and proximity",
  booktitle = "Proceedings of ACM - Data Communications Festival (SIGCOMM '03)",
  month =     "August",
  year =      2003,
  location =  "Karlsruhe, Germany",
  url =       "http://citeseer.ist.psu.edu/601382.html"
}

@techreport{ castro-03-proximity,
  author =      "M. Castro and P. Druschel and Y. C. Hu and A. Rowstron",
  title =       "Proximity neighbor selection in tree-based structured peer-to-peer overlays",
  institution = "Microsoft Research",
  number =      "MSR-TR-2003-52",
  month =       "August",
  year =        2003,
  address =     "{Redmond, WA, USA}"
}

@InProceedings{ zhao-03-exploiting-redundancy,
  author      = "Ben Y. Zhao and Ling Huang and Jeremy Stribling and Anthony D. Joseph and John D. Kubiatowicz",
  title       = "{Exploiting Routing Redundancy via Structured Peer-to-Peer Overlays}",
  booktitle   = "{11th IEEE International Conference on Network Protocols (ICNP '03)}",
  year        = 2003,
  month       = "November",
  location    = "{Atlanta, GA, USA}",
}

@comment{ 2004 }

@techreport{ ratajczak-04-deconstructing,
  title       = "{Deconstructing DHTs}",
  author      = "David Ratajczak and Joseph M. Hellerstein",
  institution = "{Intel Research}",
  number      = "{IRB-TR-03-042}",
  year        = 2004,
  address     = "{Berkeley, CA, USA}"
}

@inproceedings{ loo-04-hybrid,
  author =    "Boon Thau Loo and Ryan Huebsch and Ion Stoica and Joseph M. Hellerstein",
  title =     "The case for a hybrid P2P search infrastructure",
  booktitle = "Proceedings of the 3rd International Symposium on Peer-to-Peer Systems (IPTPS '04)",
  month =     "February",
  year =      2004,
  location =  "{San Diego, CA, USA}",
}

@inproceedings{ li-04-comparing-performance,
  author    = "J. Li and J. Stribling and T. Gil and R. Morris and F. Kaashoek",
  title     = "Comparing the performance of distributed hash tables under churn",
  booktitle = "Proceedings of the 3rd International Symposium on Peer-to-Peer Systems (IPTPS '04)",
  month =     "February",
  year =      2004,
  location =  "{San Diego, CA, USA}",
  url       = "http://citeseer.ist.psu.edu/li04comparing.html"
}

@inproceedings{ gupta-04-routing,
  author    = "Anjali Gupta and Barbara Liskov and Rodrigo Rodrigues",
  title     = "Efficient Routing for {P}eer-to-{P}eer {O}verlays",
  booktitle = "Proceedings of the 1st {S}ymposium on {N}etworked {S}ystems {D}esign and {I}mplementation (NSDI '04)",
  month     = "March",
  year      = 2004,
  location  = "{San Fransisco, CA, USA}"
}

@inproceedings{ dabek-04-designing,
  author =    "F. Dabek and J. Li and E. Sit and J. Robertson and M. Kaashoek and R. Morris",
  title =     "{Designing a DHT for low latency and high throughput}",
  booktitle = "Proceedings of the 1st {S}ymposium on {N}etworked {S}ystems {D}esign and {I}mplementation (NSDI '04)",
  month     = "March",
  year      = 2004,
  location  = "{San Fransisco, CA, USA}",
  url =       "http://citeseer.ist.psu.edu/dabek04designing.html"
}

@inproceedings{ feldman-04-robust,
  author    = "{Michal Feldman and Kevin Lai and Ion Stoica and John Chuang}",
  title     = "{Robust incentive techniques for peer-to-peer networks}",
  booktitle = "{Proceedings of the 5th ACM conference on Electronic Commerce (EC '04)}",
  month     = "May",
  year      = 2004,
  location  = "New York, NY, USA"
}

@inproceedings{ rhea-04-handling-churn,
  author    = "Sean Rhea and Dennis Geels and Timothy Roscoe and John Kubiatowizc",
  title     = "Handling churn in a {DHT}",
  booktitle = "Proceedings of the {USENIX} Annual Technical Conference",
  month     = "June",
  year      = 2004,
  location  = "{Boston, MA, USA}"
}

@comment{ 2005}

@inproceedings{ krishnamurthy-05-statistical,
  title = "{A Statistical Theory of Chord under Churn}",
  author = "Supriya Krishnamurthy and Sameh E-Ansary and Eirik Aurell and Seif Haridi",
  booktitle = "{Proceedings of the 4th International Symposium on Peer-to-Peer Systems (IPTPS '05)}",
  month = "February",
  year = 2005,
  location = "{Ithaca, NY, USA}",
}

@inproceedings{ chun-05-impact,
  title = "{Impact of Neighbor Selection on Performance and Resilience of Structured P2P Networks}",
  author = "Byung-Gon Chun and Ben Y. Zhao and John D. Kubiatowicz",
  booktitle = "{Proceedings of the 4th International Symposium on Peer-to-Peer Systems (IPTPS '05)}",
  month = "February",
  year = 2005,
  location = "{Ithaca, NY, USA}",
}


@inproceedings{ zhuang-05-failure-detection,
  title = "{On Failure Detection Algorithms in Overlay Networks}",
  author = "Shelley Zhuang and Dennis Geels and Ion Stoica and Randy Katz",
  booktitle = "{IEEE Community Society 24th Annual Conference (INFOCOM '05)}",
  month = "March",
  year = 2005,
  location = "{Miami, FL, USA}",
}




@comment{ DHT and P2P: HOMEPAGES }

@Misc{ gnutella-homepage,
  title        = "{\em Gnutella.com}",
  howpublished = "Web page",
  note         = "{URL: http://www.gnutella.org/}"
}

@Misc{ napster-new-homepage,
  title        = "{\em Napster - All the music you want. Any way you want it.}",
  howpublished = "Web page",
  note         = "{URL: http://www.napster.com/}"
}

@Misc{ napster-legal-homepage,
  title        = "{\em Find\-Law Legal News: Special Cover\-age: Nap\-ster}",
  howpublished = "Web page and article collection",
  note         = "{URL: http://news.findlaw.com/legalnews/lit/napster/}"
}

@Misc{ bamboo-homepage,
  title        = "{\em The Bamboo Distributed Hash Table}",
  howpublished = "Web page",
  note         = "{URL: http://bamboo-dht.org/}"
}

@Misc{ chord-homepage,
  title        = "{\em The Chord/DHash Project}",
  howpublished = "Web page",
  note         = "{URL: http://pdos.csail.mit.edu/chord/}"
}

@Misc{ kazaa-homepage,
  title        = "{\em Kazaa}",
  howpublished = "Web page",
  note         = "{URL: http://www.kazaa.com/}"
}

@Misc{ jabber-homepage,
  title        = "{\em Jabber: Open Instant Messaging and a Whole Lot More, 
                   Powered by XMPP}",
  howpublished = "Web page",
  note         = "{URL: http://www.jabber.org/}"
}



@comment{ RFC }

@Misc{ udp,
  author = "J. Postel",
  title  = "RFC 768: User Datagram Protocol",
  month  = "August",
  year   = 1980,
  note   = "URL: http://www.ietf.org/rfc/rfc768.txt"
}

@Misc{ sha-1,
  author = "P. Jones and Motorola and Cisco Systems",
  title  = "RFC 3174: US Secure Hash Algorithm 1 (SHA1)",
  month  = "September",
  year   = 2001,
  note   = "URL: http://www.ietf.org/rfc/rfc3174.txt"
}




@comment{ DATABASER OG DISTRIBUERTE SYSTEMER }

@inproceedings{ grey-75-consistency-locks,
  author =    "Grey, J. N. and Lorie, R. A. and Putzolu, G. R. and Traiger, I. L.",
  title =     "Granularity of Locks and Degrees of Consistency on Shared Data Bases",
  booktitle = "{Proceedings of the 1st International Conference on Very Large Databases}",
  year =      1975,
  pages =     "25-33"
}

@article{ hayes-86-microprocessor,
 author = "{John P Hayes and Trevor Mudge and Quentin F Stout and Stephen Colley and John Palmer}",
 title = "{A microprocessor-based hypercube supercomputer}",
 journal = "{IEEE Micro}",
 volume = "{6}",
 number = "{5}",
 year = 1986,
 issn = "{0272-1732}",
 pages = "{6--17}",
 publisher = "{IEEE Computer Society Press}",
 address = "{Los Alamitos, CA, USA}",
 }

@inproceedings{ devine-93-design,
  author    = "Robert Devine",
  title     = "Design and Implementation of {DDH}: A Distributed Dynamic Hashing Algorithm",
  booktitle = "{Proceedings of the 4th International Conference on Foundations of Data Organization and Algorithms (FODO '93)}",
  month     = "October",
  year      = 1993,
  location  = "{Chicago, IL, USA}",
  url       = "http://citeseer.ist.psu.edu/devine93design.html"
}

@inproceedings{ plaxton-96-fast-access,
    author = "C. Greg Plaxton and Rajmohan Rajaraman",
    title = "Fast Fault-Tolerant Concurrent Access to Shared Objects",
    booktitle = "{IEEE Symposium on Foundations of Computer Science (FOCS '96)}",
    pages = "570-579",
    month = "October",
    year = "1996",
    location = "{Burlington, VT, USA}",
    url = "citeseer.ist.psu.edu/plaxton96fast.html"
}

@inproceedings{ karger-97-consistent-hashing,
    author    = "David Karger and Eric Lehman and Tom Leighton and Mathhew Levine and Daniel Lewin and Rina Panigrahy",
    title     = "Consistent Hashing and Random Trees: Distributed Caching Protocols for Relieving Hot Spots on the World Wide Web",
    booktitle = "{ACM Symposium on Theory of Computing (STOC '97)}",
    pages     = "654-663",
    month     = "May",
    year      = 1997,
    location  = "{El Paso, TX, USA}",
    url       = "http://citeseer.ist.psu.edu/karger97consistent.html"
}

@inproceedings{ plaxton-97-accessing-nearby,
  author = "C. Greg Plaxton and Rajmohan Rajaraman and Andrea W. Richa",
  title = "Accessing Nearby Copies of Replicated Objects in a Distributed Environment",
  booktitle = "{ACM Symposium on Parallel Algorithms and Architectures (SPAA '97)}",
  pages = "311-320",
  month = "June",
  year = 1997,
  location = "{Newport, RI, USA}",
  url = "http://citeseer.ist.psu.edu/19555.html"
}

@inproceedings{ cohen-03-associative,
  author    = "E. Cohen and H. Kaplan and A. Fiat",
  title     = "Associative search in peer to peer networks: Harnessing latent semantics",
  booktitle = "{The 22nd Annual Joint Conference of the IEEE Computer and Communications Societies (INFOCOM '03)}",
  month     = "April",
  year      = 2003,
  location  = "{San Fransisco, CA, USA}",
  url       = "http://citeseer.ist.psu.edu/cohen03associative.html"
}




@COMMENT{ BOOKS }

@book{ oszu-99-podds,
  author    = "M. Tamer $\mathrm{\ddot{O}}$szu and Patrick Valduriez",
  title     = "Principles of Distributed Database Systems",
  publisher = "Prentice Hall",
  editor    = "Alan Apt",
  year      = 1999,
  edition   = "2nd",
  note      = "ISBN 0-13-659707-6"
}

@book{ verma-04-applications-of-p2p,
  author    = "Dinesh C. Verma",
  title     = "Legitimate Applications of Peer-to-Peer Networks",
  publisher = "Wiley-Interscience",
  month     = "march",
  year      = 2004,
  note      = "ISBN 0-47-146369-8"
}


